3084 4867
514 884 853 1025 l'RAEFATIO

347 1258 352 1265 ,
393 1173 671 1273 ιιιιιτιοιιιι
703 1168 948 1239 sacounn.
1073 1129 1077 1135 ’

573 1506 800 1534 W

116 1748 581 1853 Ocrocirciterannielnpsi
603 1778 685 1845 sumt,
711 1762 1250 1853 eanolibellnshicmensluoem
1361 1792 1372 1813 ι
1519 1765 1520 1786 ’

114 1874 258 1959 primam
283 1870 441 1958 adspexit.
485 1868 677 1958 Quanquam
699 1880 805 1935 autem
818 1868 853 1933 in
867 1890 906 1935 eo
919 1867 1111 1951 daborando
1124 1890 1251 1935 omnem

116 1974 339 2063 impenderam
364 1994 495 2061 operam
522 1996 561 2041 ac
589 1972 795 2065 diligentiam,
823 1983 861 2039 ut
887 1995 1003 2063 pancas
1030 1984 1152 2038 tantum
1180 1994 1252 2038 cor·

120 2080 280 2147 rectiones
302 2100 341 2147 ac
359 2076 594 2146 emendationes
608 2078 774 2145 admittere
795 2078 964 2158 rideretur,
990 2090 1096 2143 tamen
1117 2100 1184 2143 non
1207 2079 1253 2144 ita

124 2188 320 2274 moitopor,
336 2187 482 2279 inprimis
491 2200 596 2255 antem
609 2209 682 2254 cum
696 2208 789 2253 novae
802 2186 946 2252 editionis
955 2186 1107 2273 parandae
1116 2186 1255 2253 officimn
1368 2271 1371 2283 Ι

130 2290 214 2359 mibi
241 2290 353 2357 b'brarii
370 2288 539 2359 hreredrmt
562 2290 691 2359 nomine
704 2290 931 2381 injungeretur,
948 2310 1016 2355 non
1036 2290 1143 2355 deense
1166 2280 1256 2368 mibi,

129 2394 963 2486 enmmnltismboispmtimmstigandiportim
989 2394 1257 2485 etinmangendi,

130 2498 328 2579 οωίοιιειιι,
351 2500 419 2587 ipse
439 2520 509 2567 non
525 2500 625 2567 solum
640 2500 816 2579 observavi,
838 2499 893 2565 sed
906 2498 1001 2565 etiam
1016 2497 1167 2565 Virorum
1180 2498 1258 2567 doc·
1297 2528 1301 2533 ¹

131 2615 248 2683 torum,
263 2604 319 2692 qui
333 2626 390 2670 sna
399 2602 440 2671 de
449 2604 512 2671 hoc
521 2604 629 2671 labore
638 2603 840 2691 meoiudicio
851 2605 1116 2691 interposuerunt,
1131 2604 1266 2671 monitis

134 2705 419 2797 doctoscognovi.
464 2706 596 2797 Eano
610 2694 705 2799 iffltur
719 2708 857 2794 primum
871 2706 906 2772 in
925 2706 1028 2773 lucem
1048 2706 1259 2777 ειιιίιιιιιειιιῐ

133 2812 290 2897 publicam
303 2814 357 2880 bic
369 2814 457 2893 liber,
483 2814 629 2901 exemplo
642 2835 724 2895 meo,
746 2812 862 2881 chartis
884 2814 988 2881 vacuis
1008 2812 1166 2893 dinanno,
1188 2815 1259 2882 dili-

133 2928 242 3005 genter
266 2916 415 3005 adscripsi
433 2916 672 2999 observationes,
696 2940 775 3007 qnm
795 2916 875 2983 mibi
894 2928 928 2984 et
940 2917 1133 3007 quotidianae
1145 2918 1234 2985 fere
1223 2944 1259 2987 ιιι

135 3020 177 3085 N.
193 3020 233 3087 T.
248 3020 464 3109 praelectiones
477 3022 674 3102 academice,
698 3036 731 3089 et
747 3044 822 3089 ann
835 3021 1007 3089 multorum
1028 3022 1193 3103 librorum,
1215 3026 1259 3091 ad

134 3123 422 3212 interpretationem
435 3126 587 3193 librorum
601 3148 761 3195 sacrorum
775 3127 819 3193 N.
834 3126 876 3193 T.
897 3127 1131 3213 pertinentium,
1146 3152 1259 3217 suppe-

136 3227 269 3308 ditabat,
291 3244 321 3297 et
344 3252 477 3320 quarum
495 3230 652 3299 delectum
677 3230 806 3297 exhibet
827 3230 898 3297 hec
921 3253 1005 3298 nora
1027 3232 1133 3298 editio.
1176 3235 1260 3305 Sunt

137 3338 423 3403 aotmnineaacte
443 3334 507 3405 fere
528 3336 606 3403 brec.
652 3336 735 3415 Quae
755 3358 871 3423 nempe
891 3334 967 3403 olim
988 3350 1078 3403 erant
1098 3360 1165 3404 non
1186 3342 1261 3407 satis

137 3436 242 3523 plane,
263 3452 407 3507 accurate
435 3452 468 3507 et
495 3440 729 3529 circumscripte
756 3462 915 3527 expressa,
947 3440 1091 3527 planiora
1118 3444 1259 3529 primunr

141 3540 229 3607 effeci
241 3556 272 3609 et
285 3542 435 3631 pleniora,
459 3554 641 3611 conservata
662 3558 766 3611 tamen
780 3545 943 3624 brevitate,
962 3564 1035 3633 quoe
1049 3546 1104 3611 tali
1118 3544 1209 3625 libro,
1226 3560 1262 3615 ut

139 3644 290 3713 sumtibus
302 3660 450 3733 parcatm
459 3648 600 3737 adeoque
613 3648 749 3735 plurium
760 3648 867 3716 usibus
880 3639 1039 3729 inserviet,
1053 3651 1183 3737 propria
1196 3673 1262 3718 esre
1279 3634 1284 3644 ⁶

137 3748 241 3815 debet.
283 3748 332 3818 Ut
345 3750 461 3819 deinde
473 3752 695 3819 nonnullorum
709 3753 869 3820 desideriis
882 3751 1099 3835 mtirieoerem,
1109 3768 1262 3844 quantum

140 3853 306 3943 decriptio
319 3856 423 3923 omnis
445 3858 547 3943 operia
567 3870 735 3945 pateretur,
758 3880 825 3925 non
845 3857 945 3925 solum
960 3860 1088 3927 vocibus
1101 3860 1262 3929 nonnullis

138 3961 227 4025 m
240 3965 283 4047 (V-
297 3982 325 4027 ⁰·
339 3966 572 4041 ’Ailfflr'wffls
587 3970 654 4042 Διὶἰ
669 3968 798 4051 Μφῖξυι
812 3968 1001 4049 Δἀχλωάζθί
1012 3970 1113 4051 mint
1126 3970 1259 4053 ὊΙύχλῆι

139 4066 231 4141 rnatu,
254 4064 461 4152 mugram)
485 4085 504 4129 e
527 4065 760 4133 collectiombus
782 4067 939 4132 variarum
961 4066 1131 4132 lectionum
1154 4068 1194 4133 N.
1218 4070 1259 4137 Τ.

136 4162 273 4245 delectis,
299 4164 467 4253 explicetis
488 4178 518 4232 et
530 4168 591 4235 suis
605 4168 680 4235 locis
693 4170 827 4249 insertis,
848 4191 965 4235 noram
989 4168 1073 4235 banc
1093 4168 1262 4239 editionem

35 4338 36 4357 ,
136 4269 247 4337 Iexici
261 4270 303 4339 N.
314 4270 357 4338 T.
372 4266 569 4355 locupletari,
580 4272 738 4340 sedetiam
747 4274 854 4340 multis
864 4275 898 4338 in
908 4272 985 4338 locis
994 4274 1265 4360 interpretationes

35 4384 36 4397 ¹
134 4372 263 4443 aliornm
287 4398 391 4447 nores
412 4394 454 4443 ec
468 4374 640 4459 probabiles
655 4381 769 4477 notavi.
815 4378 900 4457 Quae
918 4397 1016 4464 porro
1027 4376 1096 4463 jam
1115 4377 1148 4442 in
1165 4380 1265 4466 priori

37 4548 39 4577 Ι
181 4478 263 4551 Vol.
280 4506 305 4553 ι.
693 4484 715 4549 b
