3084 4867
799 181 845 248 ,ἢ
900 193 904 200 .

254 358 394 427 maxime
419 357 461 424 ah
490 356 655 443 Hesychia,
684 355 791 435 Saldo,
816 357 1004 437 ptumam,
1021 357 1162 423 Auctore
1185 359 1385 447 Etpsrologs'd
1529 361 1530 364 ’

256 465 372 552 Magni
399 462 527 550 aliisque
551 460 691 540 collecta,
713 482 786 526 cum
807 460 841 527 in
862 462 939 528 locis
958 462 1101 549 iis,.qnae
1121 462 1240 551 glossas
1269 486 1384 546 noras,

256 580 438 647 utrocant,
461 566 1385 655 continerenutumetisminillis,quoesd8ctipoorss

255 674 388 741 Grecos
415 674 559 739 universe
578 670 793 757 pertinerent3
814 694 986 760 eorumque
1000 694 1103 751 canu,
1126 672 1181 760 qui
1194 672 1283 737 libris
1309 672 1388 742 doc-

255 790 361 845 eorum
383 778 495 843 veteris
523 774 662 841 ecclesie
693 774 882 843 Christianae
905 798 1056 865 magnum
1082 778 1220 864 pretinm
1248 788 1387 844 uotum

255 894 494 959 consueverunt,
507 900 557 945 ex
572 876 685 945 horum
697 902 823 968 qnoque
836 881 925 947 libris
938 882 1075 948 rationes
1088 882 1386 968 interpretationum

254 988 459 1078 singulm,
486 1008 506 1050 ⁸
527 1007 579 1051 ¹¹¹⁰
598 987 980 1073 wafflwm'tffiiffl
1001 988 1130 1075 Pmll
1150 1010 1229 1075 (ΙΝ
1250 988 1285 1052 in
1310 986 1381 1061 ⁸¹5⁸

253 1092 330 1159 locis
343 1113 363 1157 e
377 1090 461 1177 sylva
476 1090 633 1154 variarum
648 1089 829 1170 lectionum,
846 1091 888 1156 N.
906 1089 947 1156 Τ.
968 1104 1000 1158 et
1014 1093 1090 1158 locis
1111 1092 1264 1179 parallelis
1278 1102 1386 1178 petere

255 1210 287 1263 et
307 1195 478 1271 desumere,
505 1216 564 1259 ssu
587 1214 659 1259 meo
673 1194 714 1259 de
734 1214 859 1261 summa
879 1218 991 1261 eornm
1009 1196 1142 1263 utiliute
1155 1209 1189 1262 et
1201 1195 1385 1283 praestsntis

255 1300 395 1377 edoctus,
419 1297 504 1365 haud
529 1298 679 1364 dubitsvi.
726 1300 791 1365 Sed
815 1320 944 1385 opernm
958 1302 1125 1387 perderem
1143 1314 1176 1366 et
1198 1286 1292 1365 nimis
1313 1322 1386 1387 spa·

256 1406 352 1471 tiosus
366 1404 443 1469 mihi
469 1403 643 1490 operiretur
667 1403 839 1469 disserendi
866 1426 1006 1491 campus,
1030 1406 1057 1470 ai
1076 1407 1184 1472 omnia
1197 1429 1235 1471 sc
1248 1405 1385 1494 singulo,

256 1530 328 1597 quae
342 1532 362 1574 a
376 1530 427 1573 me
440 1510 473 1573 in
489 1507 550 1573 hoc
566 1506 660 1573 Novo
675 1508 797 1575 Lexioo
816 1509 985 1575 condendo
1005 1510 1147 1596 prestita
1167 1512 1242 1591 sint,
1258 1512 1385 1579 uberius

256 1634 402 1679 enarrare
415 1624 448 1679 et
461 1612 611 1699 exemplis
625 1606 777 1680 illustrare
788 1614 910 1693 vellem,
920 1636 994 1680 cum
1004 1614 1202 1704 facilequivis
1212 1618 1386 1707 intelligere

255 1739 293 1783 ac
310 1716 557 1783 animadvertere
581 1718 691 1805 possit,
714 1720 769 1806 qui
794 1740 901 1784 meum
922 1718 1039 1785 librum
1064 1742 1136 1785 cum
1159 1720 1226 1786 nliis
1246 1721 1385 1808 ejusdem

255 1822 378 1911 gestetis
391 1844 575 1909 comparare
588 1822 671 1887 velit.
716 1823 765 1889 Ut
788 1844 897 1889 omnes
924 1845 962 1889 nc
986 1824 1126 1913 singulos
1147 1824 1242 1890 Viros
1263 1825 1384 1903 doctos,

255 1948 422 2015 equorum
437 1926 558 2014 scriptis
572 1926 672 1993 multa
685 1928 719 1991 in
735 1950 826 1993 usum
840 1950 947 1995 meum
961 1929 1112 2009 converti,
1134 1950 1257 2015 semper
1281 1930 1386 1995 nomi·

255 2054 374 2113 norem,
401 2034 533 2100 instituti
548 2033 682 2099 brevitas
705 2034 832 2120 quidem
856 2056 922 2101 non
948 2035 1158 2121 permittebat,
1185 2036 1239 2101 sed
1268 2046 1386 2122 praeter

254 2138 357 2203 varios
384 2138 570 2224 interpretes
600 2137 750 2203 librorum
776 2137 818 2204 N.
845 2138 885 2205 T.
919 2141 1120 2227 antiquiores,
1152 2141 1187 2207 iu
1211 2141 1281 2227 ipso
1301 2140 1385 2207 libro

252 2243 366 2330 passim
382 2242 534 2321 laudatos,
551 2241 646 2307 libros
660 2254 692 2307 et
705 2242 938 2310 observationes
951 2245 1161 2310 recentiorum
1176 2245 1385 2333 Scriptortnn,

253 2346 439 2412 nominetim
457 2344 632 2423 Frscnssr,
650 2344 862 2425 Timum,
879 2346 993 2426 Mons,
1007 2348 1276 2428 mensumn,
1294 2349 1385 2415 Ture

253 2468 342 2529 mor,
367 2452 523 2527 &rosum
546 2448 683 2527 Kosru,
707 2449 955 2529 Tartessum,
978 2451 1385 2540 aliorumquedoctissimo-

254 2574 325 2621 rum
350 2552 516 2619 hominnm
538 2553 625 2619 haud
651 2576 763 2641 perum
788 2555 868 2621 mihi
890 2555 1053 2645 proluisse,
1079 2556 1191 2625 lubens
1204 2571 1244 2624 -et
1272 2562 1381 2649 gnotus

254 2656 415 2747 profiteor.
460 2656 722 2725 Emendstiouem
757 2660 944 2726 schedarum
981 2660 1282 2751 typographicsrom
1319 2684 1386 2729 sns-

255 2764 359 2851 cipere
373 2764 416 2828 ob
437 2762 497 2829 loci
512 2764 692 2829 distantiam
706 2764 774 2850 ipse
787 2788 853 2830 non
867 2766 968 2853 potui,
983 2788 1044 2833 nec
1057 2767 1228 2833 suntoculi
1241 2768 1305 2833 mei
1318 2779 1385 2834 tam

255 2870 457 2957 perspicaces,
473 2880 509 2935 ut
523 2868 631 2934 omnis
644 2886 772 2955 peccota
786 2870 1014 2960 typographico
1027 2884 1138 2937 notare
1150 2871 1241 2938 focile
1253 2872 1384 2959 possim

208 2980 210 2988 '
256 2974 309 3040 Eo
331 2975 431 3063 nugis
451 2974 548 3063 igitur
567 2984 614 3039 est
627 2996 647 3039 s
660 2996 712 3040 me
725 2974 885 3042 laudande
897 2988 930 3043 et
943 2976 1139 3062 suspiciende
1152 2977 1260 3063 etjam
1279 2976 1385 3063 palam

255 3078 458 3165 predicanda
483 3098 605 3143 sumtus
626 3078 789 3169 diligentia
803 3079 874 3144 Viri
898 3079 1115 3158 Celebmimi,
1142 3079 1331 3145 Doctissimi
1348 3090 1382 3147 et

257 3183 466 3272 Linguarnm,
482 3182 691 3249 Orientalium
706 3186 853 3263 maxime,
869 3185 1059 3271 peritissimi,
1073 3182 1258 3264 Msssusur,
1273 3186 1384 3250 Philo·

254 3288 368 3372 sophie
390 3290 576 3371 Professores
598 3288 777 3373 Lipsiensis
800 3290 855 3377 qui
878 3310 945 3355 non
969 3284 1070 3355 solum
1093 3310 1215 3355 errores
1236 3304 1385 3378 typogra-

254 3392 392 3481 phorum
418 3404 483 3459 tatn
507 3392 674 3482 diligenter
699 3395 829 3474 notarit,
856 3407 894 3460 nt
917 3416 992 3461 enm
1010 3394 1092 3460 nihil
1109 3394 1208 3473 faede,
1231 3406 1384 3481 quantum

196 3477 200 3501 ³
255 3504 401 3594 equidem
420 3504 496 3583 vidi,
522 3504 678 3595 effingerit,
701 3506 756 3572 sed
781 3508 888 3587 etiam,
911 3510 937 3573 si
962 3508 997 3573 in
1022 3508 1097 3594 ipsis
1121 3504 1264 3594 plagulis,
1288 3526 1308 3571 s
1332 3528 1386 3574 me

255 3610 387 3696 scriptis,
410 3630 531 3674 errores
545 3609 673 3689 detexit,
696 3610 900 3679 imbecillitati
923 3610 1014 3677 fscile
1029 3609 1265 3689 oondonsndos,
1283 3623 1339 3677 sut
1350 3612 1386 3678 in

256 3714 375 3793 litteris,
402 3714 579 3780 accentibus
603 3727 635 3781 et
657 3715 769 3782 ordine
797 3717 868 3804 ipso
893 3717 1061 3783 verbomm
1086 3714 1234 3803 quodam
1259 3717 1386 3785 turben

255 3830 370 3899 essent,
392 3842 413 3885 a
437 3840 488 3883 me
512 3840 607 3906 quem
635 3818 860 3887 humenimime
880 3834 1020 3912 rogsms,
1042 3817 1173 3887 feliciter
1193 3821 1331 3887 correxit
1353 3832 1386 3886 et

255 3922 434 3988 emendavit
458 3924 547 3992 etita
576 3946 685 3991 omnes
707 3945 794 3991 meus
811 3938 916 4013 partes
943 3926 1021 4015 egit.
1065 3924 1156 3991 Huic
1180 3926 1286 4013 iusque
1307 3924 1386 3991 doc-

256 4023 376 4091 tissimo
389 4040 421 4092 et
435 4026 513 4093 mihi
527 4028 687 4095 ωιίεείηιο
700 4031 779 4110 viro,
801 4030 888 4118 quod
902 4029 1074 4096 admodum
1095 4042 1253 4096 eorrmus
1277 4028 1387 4115 prodit

255 4128 308 4197 hic
322 4130 401 4197 liher
414 4154 511 4213 mens,
533 4145 618 4199 oette
639 4134 798 4202 erroribus
818 4134 1054 4225 typographicis
1072 4152 1169 4214 caret,
1184 4132 1239 4221 qui
1252 4131 1388 4200 lectores

254 4239 442 4305 exercitatos
456 4240 607 4305 remomi
620 4254 758 4327 possent,
774 4243 886 4332 grades
899 4240 1057 4307 habendae
1067 4252 1140 4307 sunt
1152 4263 1172 4305 a
1186 4238 1385 4320 Lectoribns,

256 4364 322 4411 non
337 4342 424 4411 mihi.
470 4345 630 4413 caeoemm
651 4368 693 4411 ex
706 4346 814 4412 animo
828 4358 916 4434 opto,
938 4358 974 4411 nt
988 4345 1041 4411 hic
1054 4344 1134 4411 hher
1147 4364 1248 4425 meus,
1269 4346 1304 4410 in
1319 4366 1385 4432 quo

258 4446 447 4516 adornando
471 4448 537 4517 sols
560 4448 637 4516 mihi
660 4451 823 4538 proposita
840 4450 902 4517 fuit
914 4449 1047 4517 aliorum
1061 4446 1187 4527 utiliter,
1209 4470 1276 4516 non
1304 4468 1385 4515 rane

1085 4553 1113 4601 ts
